%% This BibTeX bibliography file was created using BibDesk.
%% http://bibdesk.sourceforge.net/


%% Created for Andy Kitchen at 2012-06-11 22:17:00 +1000 


%% Saved with string encoding Unicode (UTF-8) 



@article{leijen2001parsec,
	Author = {Leijen, D. and Meijer, E.},
	Date-Added = {2012-06-11 12:16:52 +0000},
	Date-Modified = {2012-06-11 12:16:52 +0000},
	Title = {Parsec: Direct style monadic parser combinators for the real world},
	Year = {2001}}

@article{hudak1992report,
	Author = {Hudak, P. and Peyton Jones, S. and Wadler, P. and Boutel, B. and Fairbairn, J. and Fasel, J. and Guzm{\'a}n, M.M. and Hammond, K. and Hughes, J. and Johnsson, T. and others},
	Date-Added = {2012-06-11 09:52:06 +0000},
	Date-Modified = {2012-06-11 09:52:06 +0000},
	Journal = {ACM SigPlan notices},
	Number = {5},
	Pages = {1--164},
	Publisher = {ACM},
	Title = {Report on the programming language Haskell: a non-strict, purely functional language version 1.2},
	Volume = {27},
	Year = {1992}}

@inproceedings{claessen2000quickcheck,
	Author = {Claessen, K. and Hughes, J.},
	Booktitle = {Acm sigplan notices},
	Date-Added = {2012-06-11 09:49:52 +0000},
	Date-Modified = {2012-06-11 09:49:52 +0000},
	Number = {9},
	Organization = {ACM},
	Pages = {268--279},
	Title = {QuickCheck: a lightweight tool for random testing of Haskell programs},
	Volume = {35},
	Year = {2000}}

@misc{marlow2004glasgow,
	Author = {Marlow, S. and Jones, S.P. and others},
	Date-Added = {2012-06-11 09:49:11 +0000},
	Date-Modified = {2012-06-11 09:49:11 +0000},
	Title = {The Glasgow Haskell Compiler},
	Year = {2004}}

@book{girard1989proofs,
	Author = {Girard, J.Y. and Taylor, P. and Lafont, Y.},
	Date-Added = {2012-06-10 13:06:24 +0000},
	Date-Modified = {2012-06-10 13:06:24 +0000},
	Publisher = {Cambridge University Press Cambridge},
	Title = {Proofs and types},
	Volume = {7},
	Year = {1989}}

@article{masseron1993generating1,
	Author = {Masseron, M. and Tollu, C. and Vauzeilles, J.},
	Date-Added = {2012-06-08 06:41:59 +0000},
	Date-Modified = {2012-06-08 06:43:41 +0000},
	Journal = {Theoretical Computer Science},
	Number = {2},
	Pages = {349--370},
	Publisher = {Elsevier},
	Title = {Generating plans in linear logic* 1:: I. actions as proofs},
	Volume = {113},
	Year = {1993},
	Bdsk-File-1 = {YnBsaXN0MDDUAQIDBAUIJidUJHRvcFgkb2JqZWN0c1gkdmVyc2lvblkkYXJjaGl2ZXLRBgdUcm9vdIABqAkKFRYXGyIjVSRudWxs0wsMDQ4RFFpOUy5vYmplY3RzV05TLmtleXNWJGNsYXNzog8QgASABqISE4ACgAOAB1lhbGlhc0RhdGFccmVsYXRpdmVQYXRo0hgNGRpXTlMuZGF0YU8RAcIAAAAAAcIAAgAADE1hY2ludG9zaCBIRAAAAAAAAAAAAAAAAAAAAMvv/a5IKwAAAAzEaRNsbC1hcy1wbGFubmluZzEucGRmAAAAAAAAAAAAAAAAAAAAAAAAAAAAAAAAAAAAAAAAAAAAAAAAAAAAAAAAAAAADMRXy/J8dAAAAAAAAAAAAAMABAAACSAAAAAAAAAAAAAAAAAAAAAMbGluZWFyLWxvZ2ljABAACAAAy+9xDgAAABEACAAAy/Hv1AAAAAEAFAAMxGkADMS5AAUc5AAFHOMAALmRAAIATk1hY2ludG9zaCBIRDpVc2VyczoAYW5keToARG9jdW1lbnRzOgBwYXBlcnM6AGxpbmVhci1sb2dpYzoAbGwtYXMtcGxhbm5pbmcxLnBkZgAOACgAEwBsAGwALQBhAHMALQBwAGwAYQBuAG4AaQBuAGcAMQAuAHAAZABmAA8AGgAMAE0AYQBjAGkAbgB0AG8AcwBoACAASABEABIAPFVzZXJzL2FuZHkvRG9jdW1lbnRzL3BhcGVycy9saW5lYXItbG9naWMvbGwtYXMtcGxhbm5pbmcxLnBkZgATAAEvAAAVAAIAC///AACABdIcHR4fWCRjbGFzc2VzWiRjbGFzc25hbWWjHyAhXU5TTXV0YWJsZURhdGFWTlNEYXRhWE5TT2JqZWN0XxA6Li4vLi4vLi4vRG9jdW1lbnRzL3BhcGVycy9saW5lYXItbG9naWMvbGwtYXMtcGxhbm5pbmcxLnBkZtIcHSQloiUhXE5TRGljdGlvbmFyeRIAAYagXxAPTlNLZXllZEFyY2hpdmVyAAgAEQAWAB8AKAAyADUAOgA8AEUASwBSAF0AZQBsAG8AcQBzAHYAeAB6AHwAhgCTAJgAoAJmAmgCbQJ2AoEChQKTApoCowLgAuUC6AL1AvoAAAAAAAACAQAAAAAAAAAoAAAAAAAAAAAAAAAAAAADDA==}}

@article{masseron1993generating2,
	Author = {Masseron, M.},
	Date-Added = {2012-06-08 06:38:21 +0000},
	Date-Modified = {2012-06-08 06:43:46 +0000},
	Journal = {Theoretical Computer Science},
	Number = {2},
	Pages = {371--375},
	Publisher = {Elsevier},
	Title = {Generating plans in linear logic: II. A geometry of conjunctive actions},
	Volume = {113},
	Year = {1993},
	Bdsk-File-1 = {YnBsaXN0MDDUAQIDBAUIJidUJHRvcFgkb2JqZWN0c1gkdmVyc2lvblkkYXJjaGl2ZXLRBgdUcm9vdIABqAkKFRYXGyIjVSRudWxs0wsMDQ4RFFpOUy5vYmplY3RzV05TLmtleXNWJGNsYXNzog8QgASABqISE4ACgAOAB1lhbGlhc0RhdGFccmVsYXRpdmVQYXRo0hgNGRpXTlMuZGF0YU8RAcIAAAAAAcIAAgAADE1hY2ludG9zaCBIRAAAAAAAAAAAAAAAAAAAAMvv/a5IKwAAAAzEaRNsbC1hcy1wbGFubmluZzIucGRmAAAAAAAAAAAAAAAAAAAAAAAAAAAAAAAAAAAAAAAAAAAAAAAAAAAAAAAAAAAADMRWy/J8dAAAAAAAAAAAAAMABAAACSAAAAAAAAAAAAAAAAAAAAAMbGluZWFyLWxvZ2ljABAACAAAy+9xDgAAABEACAAAy/Hv1AAAAAEAFAAMxGkADMS5AAUc5AAFHOMAALmRAAIATk1hY2ludG9zaCBIRDpVc2VyczoAYW5keToARG9jdW1lbnRzOgBwYXBlcnM6AGxpbmVhci1sb2dpYzoAbGwtYXMtcGxhbm5pbmcyLnBkZgAOACgAEwBsAGwALQBhAHMALQBwAGwAYQBuAG4AaQBuAGcAMgAuAHAAZABmAA8AGgAMAE0AYQBjAGkAbgB0AG8AcwBoACAASABEABIAPFVzZXJzL2FuZHkvRG9jdW1lbnRzL3BhcGVycy9saW5lYXItbG9naWMvbGwtYXMtcGxhbm5pbmcyLnBkZgATAAEvAAAVAAIAC///AACABdIcHR4fWCRjbGFzc2VzWiRjbGFzc25hbWWjHyAhXU5TTXV0YWJsZURhdGFWTlNEYXRhWE5TT2JqZWN0XxA6Li4vLi4vLi4vRG9jdW1lbnRzL3BhcGVycy9saW5lYXItbG9naWMvbGwtYXMtcGxhbm5pbmcyLnBkZtIcHSQloiUhXE5TRGljdGlvbmFyeRIAAYagXxAPTlNLZXllZEFyY2hpdmVyAAgAEQAWAB8AKAAyADUAOgA8AEUASwBSAF0AZQBsAG8AcQBzAHYAeAB6AHwAhgCTAJgAoAJmAmgCbQJ2AoEChQKTApoCowLgAuUC6AL1AvoAAAAAAAACAQAAAAAAAAAoAAAAAAAAAAAAAAAAAAADDA==}}

@article{lincoln1992linear,
	Author = {Lincoln, P.},
	Date-Added = {2012-06-05 11:57:44 +0000},
	Date-Modified = {2012-06-05 11:57:44 +0000},
	Journal = {ACM SIGACT News},
	Number = {2},
	Pages = {29--37},
	Publisher = {ACM},
	Title = {Linear logic},
	Volume = {23},
	Year = {1992},
	Bdsk-File-1 = {YnBsaXN0MDDUAQIDBAUIJidUJHRvcFgkb2JqZWN0c1gkdmVyc2lvblkkYXJjaGl2ZXLRBgdUcm9vdIABqAkKFRYXGyIjVSRudWxs0wsMDQ4RFFpOUy5vYmplY3RzV05TLmtleXNWJGNsYXNzog8QgASABqISE4ACgAOAB1lhbGlhc0RhdGFccmVsYXRpdmVQYXRo0hgNGRpXTlMuZGF0YU8RAagAAAAAAagAAgAADE1hY2ludG9zaCBIRAAAAAAAAAAAAAAAAAAAAMvv/a5IKwAAAAzEaQxzaWdhY3Q5Mi5wZGYAAAAAAAAAAAAAAAAAAAAAAAAAAAAAAAAAAAAAAAAAAAAAAAAAAAAAAAAAAAAAAAAAAAAAEFGzy/J87gAAAAAAAAAAAAMABAAACSAAAAAAAAAAAAAAAAAAAAAMbGluZWFyLWxvZ2ljABAACAAAy+9xDgAAABEACAAAy/HwTgAAAAEAFAAMxGkADMS5AAUc5AAFHOMAALmRAAIAR01hY2ludG9zaCBIRDpVc2VyczoAYW5keToARG9jdW1lbnRzOgBwYXBlcnM6AGxpbmVhci1sb2dpYzoAc2lnYWN0OTIucGRmAAAOABoADABzAGkAZwBhAGMAdAA5ADIALgBwAGQAZgAPABoADABNAGEAYwBpAG4AdABvAHMAaAAgAEgARAASADVVc2Vycy9hbmR5L0RvY3VtZW50cy9wYXBlcnMvbGluZWFyLWxvZ2ljL3NpZ2FjdDkyLnBkZgAAEwABLwAAFQACAAv//wAAgAXSHB0eH1gkY2xhc3Nlc1okY2xhc3NuYW1lox8gIV1OU011dGFibGVEYXRhVk5TRGF0YVhOU09iamVjdF8QMy4uLy4uLy4uL0RvY3VtZW50cy9wYXBlcnMvbGluZWFyLWxvZ2ljL3NpZ2FjdDkyLnBkZtIcHSQloiUhXE5TRGljdGlvbmFyeRIAAYagXxAPTlNLZXllZEFyY2hpdmVyAAgAEQAWAB8AKAAyADUAOgA8AEUASwBSAF0AZQBsAG8AcQBzAHYAeAB6AHwAhgCTAJgAoAJMAk4CUwJcAmcCawJ5AoACiQK/AsQCxwLUAtkAAAAAAAACAQAAAAAAAAAoAAAAAAAAAAAAAAAAAAAC6w==},
	Bdsk-Url-1 = {http://www.csl.sri.com/users/lincoln/papers/sigact92.ps}}

@article{miller2004overview,
	Author = {Miller, D.},
	Date-Added = {2012-06-05 11:56:09 +0000},
	Date-Modified = {2012-06-05 11:56:09 +0000},
	Journal = {Linear Logic in Computer Science},
	Pages = {119--150},
	Publisher = {London Mathematical Society Lecture Note},
	Title = {Overview of linear logic programming},
	Volume = {316},
	Year = {2004},
	Bdsk-File-1 = {YnBsaXN0MDDUAQIDBAUIJidUJHRvcFgkb2JqZWN0c1gkdmVyc2lvblkkYXJjaGl2ZXLRBgdUcm9vdIABqAkKFRYXGyIjVSRudWxs0wsMDQ4RFFpOUy5vYmplY3RzV05TLmtleXNWJGNsYXNzog8QgASABqISE4ACgAOAB1lhbGlhc0RhdGFccmVsYXRpdmVQYXRo0hgNGRpXTlMuZGF0YU8RAZIAAAAAAZIAAgAADE1hY2ludG9zaCBIRAAAAAAAAAAAAAAAAAAAAMvv/a5IKwAAAAzEaQdsbHAucGRmAAAAAAAAAAAAAAAAAAAAAAAAAAAAAAAAAAAAAAAAAAAAAAAAAAAAAAAAAAAAAAAAAAAAAAAAAAAADMPgy/J7+AAAAAAAAAAAAAMABAAACSAAAAAAAAAAAAAAAAAAAAAMbGluZWFyLWxvZ2ljABAACAAAy+9xDgAAABEACAAAy/HvWAAAAAEAFAAMxGkADMS5AAUc5AAFHOMAALmRAAIAQk1hY2ludG9zaCBIRDpVc2VyczoAYW5keToARG9jdW1lbnRzOgBwYXBlcnM6AGxpbmVhci1sb2dpYzoAbGxwLnBkZgAOABAABwBsAGwAcAAuAHAAZABmAA8AGgAMAE0AYQBjAGkAbgB0AG8AcwBoACAASABEABIAMFVzZXJzL2FuZHkvRG9jdW1lbnRzL3BhcGVycy9saW5lYXItbG9naWMvbGxwLnBkZgATAAEvAAAVAAIAC///AACABdIcHR4fWCRjbGFzc2VzWiRjbGFzc25hbWWjHyAhXU5TTXV0YWJsZURhdGFWTlNEYXRhWE5TT2JqZWN0XxAuLi4vLi4vLi4vRG9jdW1lbnRzL3BhcGVycy9saW5lYXItbG9naWMvbGxwLnBkZtIcHSQloiUhXE5TRGljdGlvbmFyeRIAAYagXxAPTlNLZXllZEFyY2hpdmVyAAgAEQAWAB8AKAAyADUAOgA8AEUASwBSAF0AZQBsAG8AcQBzAHYAeAB6AHwAhgCTAJgAoAI2AjgCPQJGAlECVQJjAmoCcwKkAqkCrAK5Ar4AAAAAAAACAQAAAAAAAAAoAAAAAAAAAAAAAAAAAAAC0A==},
	Bdsk-Url-1 = {http://www.lix.polytechnique.fr/~dale/papers/llp.pdf}}

@article{harland2004agents,
	Author = {Harland, J. and Winikoff, M.},
	Date-Added = {2012-06-05 11:53:48 +0000},
	Date-Modified = {2012-06-05 11:53:48 +0000},
	Journal = {Annals of Mathematics and Artificial Intelligence},
	Number = {1},
	Pages = {167--196},
	Publisher = {Springer},
	Title = {Agents via mixed-mode computation in linear logic},
	Volume = {42},
	Year = {2004},
	Bdsk-File-1 = {YnBsaXN0MDDUAQIDBAUIJidUJHRvcFgkb2JqZWN0c1gkdmVyc2lvblkkYXJjaGl2ZXLRBgdUcm9vdIABqAkKFRYXGyIjVSRudWxs0wsMDQ4RFFpOUy5vYmplY3RzV05TLmtleXNWJGNsYXNzog8QgASABqISE4ACgAOAB1lhbGlhc0RhdGFccmVsYXRpdmVQYXRo0hgNGRpXTlMuZGF0YU8RAbAAAAAAAbAAAgAADE1hY2ludG9zaCBIRAAAAAAAAAAAAAAAAAAAAMvv/a5IKwAAAAzEaQ5jbGltYTAxd2ViLnBkZgAAAAAAAAAAAAAAAAAAAAAAAAAAAAAAAAAAAAAAAAAAAAAAAAAAAAAAAAAAAAAAAAAADhFcy/fYewAAAAAAAAAAAAMABAAACSAAAAAAAAAAAAAAAAAAAAAMbGluZWFyLWxvZ2ljABAACAAAy+9xDgAAABEACAAAy/dL2wAAAAEAFAAMxGkADMS5AAUc5AAFHOMAALmRAAIASU1hY2ludG9zaCBIRDpVc2VyczoAYW5keToARG9jdW1lbnRzOgBwYXBlcnM6AGxpbmVhci1sb2dpYzoAY2xpbWEwMXdlYi5wZGYAAA4AHgAOAGMAbABpAG0AYQAwADEAdwBlAGIALgBwAGQAZgAPABoADABNAGEAYwBpAG4AdABvAHMAaAAgAEgARAASADdVc2Vycy9hbmR5L0RvY3VtZW50cy9wYXBlcnMvbGluZWFyLWxvZ2ljL2NsaW1hMDF3ZWIucGRmAAATAAEvAAAVAAIAC///AACABdIcHR4fWCRjbGFzc2VzWiRjbGFzc25hbWWjHyAhXU5TTXV0YWJsZURhdGFWTlNEYXRhWE5TT2JqZWN0XxA1Li4vLi4vLi4vRG9jdW1lbnRzL3BhcGVycy9saW5lYXItbG9naWMvY2xpbWEwMXdlYi5wZGbSHB0kJaIlIVxOU0RpY3Rpb25hcnkSAAGGoF8QD05TS2V5ZWRBcmNoaXZlcgAIABEAFgAfACgAMgA1ADoAPABFAEsAUgBdAGUAbABvAHEAcwB2AHgAegB8AIYAkwCYAKACVAJWAlsCZAJvAnMCgQKIApECyQLOAtEC3gLjAAAAAAAAAgEAAAAAAAAAKAAAAAAAAAAAAAAAAAAAAvU=},
	Bdsk-Url-1 = {http://waitaki.otago.ac.nz/~michael/Papers/clima01web.pdf}}

@inproceedings{bosser2010linear,
	Author = {Bosser, A.G. and Cavazza, M. and Champagnat, R.},
	Booktitle = {Proceeding of the 2010 conference on ECAI},
	Date-Added = {2012-06-05 11:52:59 +0000},
	Date-Modified = {2012-06-08 02:32:44 +0000},
	Pages = {713--718},
	Read = {1},
	Title = {Linear logic for non-linear storytelling},
	Year = {2010},
	Bdsk-File-1 = {YnBsaXN0MDDUAQIDBAUIJidUJHRvcFgkb2JqZWN0c1gkdmVyc2lvblkkYXJjaGl2ZXLRBgdUcm9vdIABqAkKFRYXGyIjVSRudWxs0wsMDQ4RFFpOUy5vYmplY3RzV05TLmtleXNWJGNsYXNzog8QgASABqISE4ACgAOAB1lhbGlhc0RhdGFccmVsYXRpdmVQYXRo0hgNGRpXTlMuZGF0YU8RAcIAAAAAAcIAAgAADE1hY2ludG9zaCBIRAAAAAAAAAAAAAAAAAAAAMvv/a5IKwAAAAzEaRNib3NzZXItZWNhaTIwMTAucGRmAAAAAAAAAAAAAAAAAAAAAAAAAAAAAAAAAAAAAAAAAAAAAAAAAAAAAAAAAAAADfcqy/J97AAAAAAAAAAAAAMABAAACSAAAAAAAAAAAAAAAAAAAAAMbGluZWFyLWxvZ2ljABAACAAAy+9xDgAAABEACAAAy/HxTAAAAAEAFAAMxGkADMS5AAUc5AAFHOMAALmRAAIATk1hY2ludG9zaCBIRDpVc2VyczoAYW5keToARG9jdW1lbnRzOgBwYXBlcnM6AGxpbmVhci1sb2dpYzoAYm9zc2VyLWVjYWkyMDEwLnBkZgAOACgAEwBiAG8AcwBzAGUAcgAtAGUAYwBhAGkAMgAwADEAMAAuAHAAZABmAA8AGgAMAE0AYQBjAGkAbgB0AG8AcwBoACAASABEABIAPFVzZXJzL2FuZHkvRG9jdW1lbnRzL3BhcGVycy9saW5lYXItbG9naWMvYm9zc2VyLWVjYWkyMDEwLnBkZgATAAEvAAAVAAIAC///AACABdIcHR4fWCRjbGFzc2VzWiRjbGFzc25hbWWjHyAhXU5TTXV0YWJsZURhdGFWTlNEYXRhWE5TT2JqZWN0XxA6Li4vLi4vLi4vRG9jdW1lbnRzL3BhcGVycy9saW5lYXItbG9naWMvYm9zc2VyLWVjYWkyMDEwLnBkZtIcHSQloiUhXE5TRGljdGlvbmFyeRIAAYagXxAPTlNLZXllZEFyY2hpdmVyAAgAEQAWAB8AKAAyADUAOgA8AEUASwBSAF0AZQBsAG8AcQBzAHYAeAB6AHwAhgCTAJgAoAJmAmgCbQJ2AoEChQKTApoCowLgAuUC6AL1AvoAAAAAAAACAQAAAAAAAAAoAAAAAAAAAAAAAAAAAAADDA==},
	Bdsk-Url-1 = {http://www.scm.tees.ac.uk/f.charles/publications/conferences/2010/ecai2010-bosser.pdf}}

@inproceedings{LukeAAMAS2012,
	Address = {Valencia, Spain},
	Author = {Luke Trodd and James Harland and John Thangarajah},
	Booktitle = {Proceedings of the 11th International Joint Conference on Autonomous Agents and Multiagent Systems (AAMAS-2012)},
	Month = {June},
	Pages = {To Appear},
	Title = {Agent Deliberation via Forward and Backward chaining in Linear Logic},
	Year = {2012},
	Bdsk-File-1 = {YnBsaXN0MDDUAQIDBAUIJidUJHRvcFgkb2JqZWN0c1gkdmVyc2lvblkkYXJjaGl2ZXLRBgdUcm9vdIABqAkKFRYXGyIjVSRudWxs0wsMDQ4RFFpOUy5vYmplY3RzV05TLmtleXNWJGNsYXNzog8QgASABqISE4ACgAOAB1lhbGlhc0RhdGFccmVsYXRpdmVQYXRo0hgNGRpXTlMuZGF0YU8RAaIAAAAAAaIAAgAADE1hY2ludG9zaCBIRAAAAAAAAAAAAAAAAAAAAMvv/a5IKwAAAAzEaQtjbGltYTExLnBkZgAAAAAAAAAAAAAAAAAAAAAAAAAAAAAAAAAAAAAAAAAAAAAAAAAAAAAAAAAAAAAAAAAAAAAADMRZy/J8dAAAAAAAAAAAAAMABAAACSAAAAAAAAAAAAAAAAAAAAAMbGluZWFyLWxvZ2ljABAACAAAy+9xDgAAABEACAAAy/Hv1AAAAAEAFAAMxGkADMS5AAUc5AAFHOMAALmRAAIARk1hY2ludG9zaCBIRDpVc2VyczoAYW5keToARG9jdW1lbnRzOgBwYXBlcnM6AGxpbmVhci1sb2dpYzoAY2xpbWExMS5wZGYADgAYAAsAYwBsAGkAbQBhADEAMQAuAHAAZABmAA8AGgAMAE0AYQBjAGkAbgB0AG8AcwBoACAASABEABIANFVzZXJzL2FuZHkvRG9jdW1lbnRzL3BhcGVycy9saW5lYXItbG9naWMvY2xpbWExMS5wZGYAEwABLwAAFQACAAv//wAAgAXSHB0eH1gkY2xhc3Nlc1okY2xhc3NuYW1lox8gIV1OU011dGFibGVEYXRhVk5TRGF0YVhOU09iamVjdF8QMi4uLy4uLy4uL0RvY3VtZW50cy9wYXBlcnMvbGluZWFyLWxvZ2ljL2NsaW1hMTEucGRm0hwdJCWiJSFcTlNEaWN0aW9uYXJ5EgABhqBfEA9OU0tleWVkQXJjaGl2ZXIACAARABYAHwAoADIANQA6ADwARQBLAFIAXQBlAGwAbwBxAHMAdgB4AHoAfACGAJMAmACgAkYCSAJNAlYCYQJlAnMCegKDArgCvQLAAs0C0gAAAAAAAAIBAAAAAAAAACgAAAAAAAAAAAAAAAAAAALk}}
